<collection xmlns="http://www.loc.gov/MARC21/slim">
<record>
  <leader>02872nam0a2200445 i 450 </leader>
  <controlfield tag="001">IT\ICCU\CNCE\033421</controlfield>
  <controlfield tag="005">20140214000000.0</controlfield>
  <datafield tag="012" ind1=" " ind2=" ">
    <subfield code="a">e-n- 4040 edin qupr (3) 1594 (R)</subfield>
    <subfield code="2">fei</subfield>
    <subfield code="9">1</subfield>
  </datafield>
  <datafield tag="012" ind1=" " ind2=" ">
    <subfield code="a">s.s, 26i. 8.u- ille (3) 1594 (R)</subfield>
    <subfield code="2">fei</subfield>
    <subfield code="9">2</subfield>
  </datafield>
  <datafield tag="100" ind1=" " ind2=" ">
    <subfield code="a">19971218d1594        0itac0103    ba</subfield>
  </datafield>
  <datafield tag="101" ind1=" " ind2=" ">
    <subfield code="a">LAT</subfield>
  </datafield>
  <datafield tag="102" ind1=" " ind2=" ">
    <subfield code="a">IT</subfield>
  </datafield>
  <datafield tag="200" ind1="1" ind2=" ">
    <subfield code="a">℗Fulvii Paciani Mutinensis, comitis, doctoris, et equitis, ℗Egregius, ac practicabilis tractatus, cui incumbat onus probandi, liber primus \-secundus!. Accesserunt ad singula capita elegantissimae additiones Francisci Calleti ... Insuper additum fuit repertorium rerum et materiarum locupletissimum. Opus noviter impressum</subfield>
  </datafield>
  <datafield tag="210" ind1=" " ind2=" ">
    <subfield code="a">Venetiis</subfield>
    <subfield code="c">\Cornelio Arrivabene!</subfield>
    <subfield code="c">apud Ioannem Baptistam Pellizarium</subfield>
    <subfield code="d">1594</subfield>
    <subfield code="e">Venetijs</subfield>
    <subfield code="g">apud Cornelium Arriuabenum</subfield>
    <subfield code="h">1594</subfield>
  </datafield>
  <datafield tag="215" ind1=" " ind2=" ">
    <subfield code="a">2 v. </subfield>
    <subfield code="c">ill.</subfield>
    <subfield code="d">fol</subfield>
  </datafield>
  <datafield tag="620" ind1=" " ind2=" ">
    <subfield code="a">IT</subfield>
    <subfield code="d">Venezia</subfield>
  </datafield>
  <datafield tag="700" ind1=" " ind2="1">
    <subfield code="a">Pacciani,</subfield>
    <subfield code="b">Fulvio</subfield>
    <subfield code="3">IT\ICCU\CNCA\009649</subfield>
  </datafield>
  <datafield tag="702" ind1=" " ind2="1">
    <subfield code="a">Callet,</subfield>
    <subfield code="b">Franȯis</subfield>
    <subfield code="3">IT\ICCU\CNCA\027469</subfield>
  </datafield>
  <datafield tag="712" ind1="0" ind2="0">
    <subfield code="a">Arrivabene, Cornelio</subfield>
    <subfield code="3">IT\ICCU\CNCT\001322</subfield>
    <subfield code="4">650</subfield>
  </datafield>
  <datafield tag="712" ind1="0" ind2="0">
    <subfield code="a">Pellizzari, Giovanni Battista</subfield>
    <subfield code="3">IT\ICCU\CNCT\000833</subfield>
    <subfield code="4">650</subfield>
  </datafield>
  <datafield tag="712" ind1="0" ind2="0">
    <subfield code="a">Ziletti, Francesco - eredi</subfield>
    <subfield code="3">IT\ICCU\CNCT\003832</subfield>
    <subfield code="4">650</subfield>
  </datafield>
  <datafield tag="790" ind1=" " ind2="1">
    <subfield code="a">Pacianus,</subfield>
    <subfield code="b">Fulvius</subfield>
    <subfield code="3">IT\ICCU\CNCA\022176</subfield>
    <subfield code="z">Pacciani, Fulvio</subfield>
  </datafield>
  <datafield tag="790" ind1=" " ind2="1">
    <subfield code="a">Calletus,</subfield>
    <subfield code="b">Franciscus</subfield>
    <subfield code="3">IT\ICCU\CNCA\027470</subfield>
    <subfield code="z">Callet, Franȯis</subfield>
  </datafield>
  <datafield tag="791" ind1="0" ind2="0">
    <subfield code="a">Arrivabenus, Cornelius</subfield>
    <subfield code="3">IT\ICCU\CNCT\004263</subfield>
    <subfield code="z">Arrivabene, Cornelio</subfield>
  </datafield>
  <datafield tag="791" ind1="0" ind2="0">
    <subfield code="a">Pellizzaro, Battista</subfield>
    <subfield code="3">IT\ICCU\CNCT\005348</subfield>
    <subfield code="z">Pellizzari, Giovanni Battista</subfield>
  </datafield>
  <datafield tag="791" ind1="0" ind2="0">
    <subfield code="a">Pellizari, Battista</subfield>
    <subfield code="3">IT\ICCU\CNCT\005349</subfield>
    <subfield code="z">Pellizzari, Giovanni Battista</subfield>
  </datafield>
  <datafield tag="791" ind1="0" ind2="0">
    <subfield code="a">Pellizarius, Ioannes Baptista</subfield>
    <subfield code="3">IT\ICCU\CNCT\005350</subfield>
    <subfield code="z">Pellizzari, Giovanni Battista</subfield>
  </datafield>
  <datafield tag="791" ind1="0" ind2="0">
    <subfield code="a">Pellizzarius, Baptista</subfield>
    <subfield code="3">IT\ICCU\CNCT\005353</subfield>
    <subfield code="z">Pellizzari, Giovanni Battista</subfield>
  </datafield>
  <datafield tag="801" ind1=" " ind2="3">
    <subfield code="a">IT</subfield>
    <subfield code="b">ICCU</subfield>
    <subfield code="c">20201114</subfield>
  </datafield>
  <datafield tag="899" ind1=" " ind2=" ">
    <subfield code="a">Biblioteca delle Facolt ̉di giurisprudenza e di lettere e filosofia dell&apos;Universit ̉degli studi di Milano. Milano</subfield>
    <subfield code="1">MI0190</subfield>
    <subfield code="2">USM A6</subfield>
  </datafield>
  <datafield tag="899" ind1=" " ind2=" ">
    <subfield code="a">Biblioteca del Dipartimento di diritto privato e storia del diritto dell&apos;Universit ̉degli studi di Milano. Milano</subfield>
    <subfield code="z">MUTILO</subfield>
    <subfield code="1">MI1334</subfield>
    <subfield code="2">USM L1</subfield>
  </datafield>
  <datafield tag="899" ind1=" " ind2=" ">
    <subfield code="a">Biblioteca dell&apos;Archivio di Stato di Perugia. Perugia</subfield>
    <subfield code="z">MUTILO</subfield>
    <subfield code="1">PG0103</subfield>
    <subfield code="2">UM1 50</subfield>
  </datafield>
  <datafield tag="899" ind1=" " ind2=" ">
    <subfield code="a">Biblioteca Palatina. Parma</subfield>
    <subfield code="z">MUTILO</subfield>
    <subfield code="1">PR0072</subfield>
    <subfield code="2">PAR PA</subfield>
  </datafield>
  <datafield tag="899" ind1=" " ind2=" ">
    <subfield code="a">Biblioteca comunale Forteguerriana. Pistoia</subfield>
    <subfield code="1">PT0025</subfield>
    <subfield code="2">RT1 IE</subfield>
  </datafield>
  <datafield tag="899" ind1=" " ind2=" ">
    <subfield code="a">Biblioteca del Seminario vescovile. Pavia</subfield>
    <subfield code="1">PV0074</subfield>
    <subfield code="2">PAV R1</subfield>
  </datafield>
  <datafield tag="899" ind1=" " ind2=" ">
    <subfield code="a">Biblioteca comunale Manfrediana. Faenza</subfield>
    <subfield code="1">RA0016</subfield>
    <subfield code="2">RAV FA</subfield>
  </datafield>
  <datafield tag="911" ind1=" " ind2=" ">
    <subfield code="a">Sul front.</subfield>
    <subfield code="9">IT\ICCU\CNCM\002251</subfield>
  </datafield>
  <datafield tag="911" ind1=" " ind2=" ">
    <subfield code="a">A c. A1r dei v. 1 e 2</subfield>
    <subfield code="9">IT\ICCU\CNCM\002252</subfield>
  </datafield>
  <datafield tag="921" ind1=" " ind2=" ">
    <subfield code="a">IT\ICCU\CNCM\002251</subfield>
    <subfield code="b">Pozzo. In cornice figurata.</subfield>
    <subfield code="c">U786</subfield>
    <subfield code="d">Dimensioni: 10,6 x 13,5</subfield>
    <subfield code="f">POZZO</subfield>
    <subfield code="g">1594</subfield>
  </datafield>
  <datafield tag="921" ind1=" " ind2=" ">
    <subfield code="a">IT\ICCU\CNCM\002252</subfield>
    <subfield code="b">Stella cometa con otto piccole stelle tra le punte. In fregio con mascheroni.</subfield>
    <subfield code="e">Inter omnes</subfield>
    <subfield code="c">U787</subfield>
    <subfield code="d">Dimensioni del fregio: 18,3 x 5,1</subfield>
    <subfield code="f">COMETA</subfield>
    <subfield code="f">STELLA</subfield>
    <subfield code="g">1578-1598</subfield>
  </datafield>
</record>
</collection>
